@Article{ClassificationPolSARGeodesic,
  author  = {D. Ratha and A. Bhattacharya and A. C. Frery},
  journal = {IEEE Geoscience and Remote Sensing Letters},
  pages   = {151--155},
  title   = {Unsupervised Classification of {PolSAR} Data Using a Scattering Similarity Measure Derived from a Geodesic Distance},
  year    = {2018},
  month   = jan,
  arxiv   = {1712.00427},
  doi     = {10.1109/LGRS.2017.2778749},
}
