@Article{frery97,

	author={A. C. Frery and H. -. Muller and C. C. F. Yanasse and S. J. S. Sant'Anna}, 
	journal={IEEE Transactions on Geoscience and Remote Sensing}, 
	title={A model for extremely heterogeneous clutter}, 
	year={1997}, 
	volume={35}, 
	number={3}, 
	pages={648-659}, 
	doi={10.1109/36.581981}, 
	ISSN={0196-2892}, 
	month={May}

}

@Article{mejail03,

	author = { M. E.   Mejail  and  J. C.   Jacobo-Berlles  and  A. C.   Frery  and  O. H.   Bustos },
	title = {Classification of SAR images using a general and tractable multiplicative model},
	journal = {International Journal of Remote Sensing},
	volume = {24},
	number = {18},
	pages = {3565-3582},
	year  = {2003},
	doi = {10.1080/0143116021000053274}
}
