@Article{Deng17,
	Title					= {Statistical Modeling of Polarimetric SAR Data: A Survey and Challenges},
    Author					= {Deng, X. and López-Martínez, C. and Chen, J. and Han, P.},    
    Journal					= {Remote Sensing},
    Year					= {2017},
    Month					= {Apr},
    Doi						= {10.3390/rs9040348}

}

@Article{Shen17,
	Title					= {A Review on Recent Developments in Fully Polarimetric SAR Image Despeckling},
    Author					= {Ma, X. and Wu, P. and Wu, Y. and Shen, H.},
    Journal					= {IEEE Journal of Selected Topics in Applied Earth Observations and Remote Sensing},
    Pages					= {743--758},
    Volume					= {11},
    Year					= {2018},
    Month					= {Mar},
    Doi						= {10.1109/JSTARS.2017.2768059}

}

@Article{Ouchi13,
   Title                    = {Recent Trend and Advance of Synthetic Aperture Radar with Selected Topics},
   Author                   = {Oushi, K.},
   Journal                  = {Remote Sensing},
   Pages                    = {716--807},
   Volume                   = {5},
   Year                     = {2013},
   Month                    = {Feb},
   Doi                      = {10.3390/rs5020716}
}

@Book{Richards09,
	Title					= {Remote Sensing with Imaging Radar, Signals and Communication
Technology},
	Author 					= {Richards, J.},
    Year 					= {2009},
    Publisher 				= {Springer}

}

@Book{Pottier09,
  title={Polarimetric Radar Imaging: From Basics to Applications},
  author={Lee, J.-S. and Pottier, E.},
  isbn={9781420054989},
  series={Optical Science and Engineering},
  url={https://books.google.com.br/books?id=1nAvp2HW\_gwC},
  year={2009},
  publisher={CRC Press}
}

@Article{Frery15,
	Title					= {Optical images-based edge detection in Synthetic Aperture Radar images},
    Author					= {Junior, G. P. S. and Frery A. C. and Sandri, S. and Bustince, H. and Barrenechea, E. and Marco-Detchartc, C.},
    Journal					= {Knowledge-Based Systems},
    Pages					= {38--46},
    Volume					= {87},
    Year					={2015},
    Month					= {Oct},
    Doi						= {https://doi.org/10.1016/j.knosys.2015.07.030}

}
@Article{Goodman76,
  Title                    = {Some Fundamental Properties of Speckle},
  Author                   = {J. W. Goodman},
  Journal                  = {Journal of the Optical Society of America},
  Pages                    = {1145--1150},
  Volume                   = {66},
  Year                     = {1976}
}

@Article{Lee99,
	Title					= {Polarimetric SAR speckle filtering and its implication for classification},
    Author					= {Lee, J.-S. and Grunes, M. R. and De Grandi, G.},
	Journal					= {IEEE Transactions on Geoscience and Remote Sensing},
    Pages					= {2363--2373},
    Volume					= {37},
	Year					= {1999}
}

@Article{ClassificationPolSARGeodesic,
  author  = {D. Ratha and A. Bhattacharya and A. C. Frery},
  journal = {IEEE Geoscience and Remote Sensing Letters},
  pages   = {151--155},
  title   = {Unsupervised Classification of {PolSAR} Data Using a Scattering Similarity Measure Derived from a Geodesic Distance},
  year    = {2018},
  month   = jan,
  arxiv   = {1712.00427},
  doi     = {10.1109/LGRS.2017.2778749},
}

@Article{frery97,

	author={A. C. Frery and H.-J. Muller and C. C. F. Yanasse and S. J. S. Sant'Anna}, 
	journal={IEEE Transactions on Geoscience and Remote Sensing}, 
	title={A model for extremely heterogeneous clutter}, 
	year={1997}, 
	volume={35}, 
	number={3}, 
	pages={648--659}, 
	doi={10.1109/36.581981}, 
	ISSN={0196-2892}, 
	month={May}

}

@Article{mejail03,
	author = { M. E.   Mejail  and  J. C.   Jacobo-Berlles  and  A. C.   Frery  and  O. H.   Bustos },
	title = {Classification of SAR images using a general and tractable multiplicative model},
	journal = {International Journal of Remote Sensing},
	volume = {24},
	number = {18},
	pages = {3565--3582},
	year  = {2003},
	doi = {10.1080/0143116021000053274}
}


@Article{AGeneralizedVolumeScatteringModelBasedVegetationIndexfromPolarimetricSARData2019,
  author  = {D. Ratha and D. Mandal and V. Kumar and H. McNairn and A. Bhattacharya and A. C. Frery},
  journal = {IEEE Geoscience and Remote Sensing Letters},
  pages   = {in press},
  title   = {A Generalized Volume Scattering Model Based Vegetation Index from Polarimetric {SAR} Data},
  year    = {2019},
  doi     = {10.1109/LGRS.2019.2907703},
  issn    = {1558-0571},
}


@Article{NovelTechniquesforBuiltupAreaExtractionfromPolarimetricSARImages2019,
  author  = {D. Ratha and P. Gamba and A. Bhattacharya and A. C. Frery},
  journal = {IEEE Geoscience and Remote Sensing Letters},
  pages   = {in press},
  title   = {Novel Techniques for Built-Up Area Extraction from Polarimetric {SAR} Images},
  year    = {2019},
}
